@Book{Cormen2012,
  author    = {Cormen, Thomas},
  publisher = {Campus},
  title     = {Algoritmos : teoria e prática},
  year      = {2012},
  address   = {Rio de Janeiro},
  isbn      = {9788535236996},
}
CORMEN, Thomas et alii. Algoritmos: Teoria e Prática. Rio de Janeiro: Editora Elsevier, 2002.

MERGE SORT, in Wikipedia: a Enciclopedia Livre. Acesso: <https://pt.wikipedia.org/wiki/Merge_sort#Complexidade>. Data de acesso: 05/10/2021.

SOUZA, José Francisco. Método Insertion Sort - Estrutura de Dados II. Universidade Federal de Juiz de Fora. Acesso: <https://www.ufjf.br/jairo_souza/files/2009/12/2-Ordenação-InsertionSort.pdf>. Data de acesso: 05/10/2021.

@Standard{2021,
  institution = {Wikipedia: a Enciclopédia Livre},
  title       = {Merge Sort},
  language    = {Português},
  month       = oct,
  url         = {,
  year        = {2021},
}

@Standard{Souza2021,
  organization = {Universidade Federal de Juiz de Fora},
  title        = {Método Insertion Sort - Estrutura de Dados II},
  author       = {José Francisco de Souza},
  month        = oct,
  url          = {,
  year         = {2021},
}
