% Encoding: UTF-8

@Book{cormen,
  author    = {Thomas H. Cormen; Charles E. Leiserson; Ronald L. Rivest; Clifford Stein},
  publisher = {Elsevior Editora},
  title     = {Algoritmos: teoria e pr√°tica},
  year      = {2002},
  isbn      = {85-352-0926-3},
}

@Comment{jabref-meta: databaseType:bibtex;}
